
@misc{whatisxml2025,
	title = {What is {XML} ({Extensible} {Markup} {Language})?},
	url = {https://www.techtarget.com/whatis/definition/XML-Extensible-Markup-Language},
	abstract = {XML (Extensible Markup Language) is a text-based format used to share data on the World Wide Web, intranets and more. See the full XML definition here.},
	language = {en},
	urldate = {2025-04-16},
	journal = {WhatIs},
}
